
@ARTICLE{epam,
  author = {Matsen group},
  title = {How well do current computational models fit antibody affinity maturation?},
  journal = {in prep},
  year = {2024 and no later},
}

@ARTICLE{thrifty,
  title = "Thrifty wide-context models of {B} cell receptor somatic hypermutation",
  author = "Sung, Kevin and Johnson, Mackenzie M and Dumm, Will and Simon, Noah and Haddox, Hugh and Fukuyama, Julia and Matsen, IV, Frederick A",
  journal = "bioRxiv",
  pages = "2024.11.26.625407",
  month =  dec,
  year =  2024,
  url = "https://www.biorxiv.org/content/10.1101/2024.11.26.625407v1.abstract",
  doi = "10.1101/2024.11.26.625407",
  language = "en"
}

@ARTICLE{dnsm,
  author = {Matsen group},
  title = {A sitewise model of natural selection on individual antibodies via a transformer-encoder},
  journal = {under review},
  year = {2025},
}

%%%

@ARTICLE{Lefranc1997-cx,
  title = "Unique database numbering system for immunogenetic analysis",
  author = "Lefranc, M P",
  journal = "Immunol. Today",
  publisher = "Elsevier Current Trends",
  volume =  18,
  number =  11,
  pages =  509,
  month =  nov,
  year =  1997,
  url = "http://dx.doi.org/10.1016/S0167-5699(97)01163-8",
  doi = "10.1016/s0167-5699(97)01163-8",
  pmid =  9386342,
  issn = "0167-5699,1355-8242",
  language = "en"
}

@ARTICLE{Goldman1994-im,
  title = "A codon-based model of nucleotide substitution for protein-coding {DNA} sequences",
  author = "Goldman, N and Yang, Z",
  journal = "Mol. Biol. Evol.",
  publisher = "SMBE",
  volume =  11,
  number =  5,
  pages = "725--736",
  month =  sep,
  year =  1994,
  url = "http://www.ncbi.nlm.nih.gov/pubmed/7968486",
  pmid =  7968486,
  issn = "0737-4038"
}

@ARTICLE{Muse1994-yv,
  title = "A likelihood approach for comparing synonymous and nonsynonymous nucleotide substitution rates, with application to the chloroplast genome",
  author = "Muse, S V and Gaut, B S",
  journal = "Mol. Biol. Evol.",
  publisher = "SMBE",
  volume =  11,
  number =  5,
  pages = "715--724",
  month =  sep,
  year =  1994,
  url = "http://www.ncbi.nlm.nih.gov/pubmed/7968485",
  pmid =  7968485,
  issn = "0737-4038"
}

@ARTICLE{Koenig2017-vm,
  title = "Mutational landscape of antibody variable domains reveals a switch modulating the interdomain conformational dynamics and antigen binding",
  author = "Koenig, Patrick and Lee, Chingwei V and Walters, Benjamin T and Janakiraman, Vasantharajan and Stinson, Jeremy and Patapoff, Thomas W and Fuh, Germaine",
  journal = "Proc. Natl. Acad. Sci. U. S. A.",
  month =  jan,
  year =  2017,
  url = "http://dx.doi.org/10.1073/pnas.1613231114",
  doi = "10.1073/pnas.1613231114",
  pmid =  28057863,
  issn = "0027-8424,1091-6490",
  language = "en"
}

@ARTICLE{Shanehsazzadeh2023-qe,
  title = "Unlocking de novo antibody design with generative artificial intelligence",
  author = "Shanehsazzadeh, Amir and Bachas, Sharrol and McPartlon, Matt and Kasun, George and Sutton, John M and Steiger, Andrea K and Shuai, Richard and Kohnert, Christa and Rakocevic, Goran and Gutierrez, Jahir M and Chung, Chelsea and Luton, Breanna K and Diaz, Nicolas and Levine, Simon and Alverio, Julian and Knight, Bailey and Radach, Macey and Morehead, Alex and Bateman, Katherine and Spencer, David A and McDargh, Zachary and Cejovic, Jovan and Kopec-Belliveau, Gaelin and Haile, Robel and Yassine, Edriss and McCloskey, Cailen and Natividad, Monica and Chapman, Dalton and Bennett, Joshua and Hossain, Jubair and Ventura, Abigail B and Canales, Gustavo M and Gowda, Muttappa and Jackson, Kerianne A and Stanton, Jennifer T and Ura, Marcin and Stojanovic, Luka and Yapici, Engin and Moran, Katherine and Caguiat, Rodante and Brown, Amber and Abdulhaqq, Shaheed and Guo, Zheyuan and Klug, Lillian R and Gander, Miles and Meier, Joshua",
  journal = "bioRxiv",
  pages = "2023.01.08.523187",
  month =  jan,
  year =  2023,
  url = "https://www.biorxiv.org/content/10.1101/2023.01.08.523187v4",
  doi = "10.1101/2023.01.08.523187"
}

@ARTICLE{Yaari2013-dg,
title = "Models of somatic hypermutation targeting and substitution based on synonymous mutations from high-throughput immunoglobulin sequencing data",
author = "Yaari, Gur and Vander Heiden, Jason A and Uduman, Mohamed and Gadala-Maria, Daniel and Gupta, Namita and Stern, Joel N H and O'Connor, Kevin C and Hafler, David A and Laserson, Uri and Vigneault, Francois and Kleinstein, Steven H",
journal = "Front. Immunol.",
volume =  4,
pages = "358",
month =  nov,
year =  2013,
url = "http://dx.doi.org/10.3389/fimmu.2013.00358",
language = "en",
issn = "1664-3224",
pmid = "24298272",
doi = "10.3389/fimmu.2013.00358",
pmc = "PMC3828525"
}

@ARTICLE{Pilzecker2019-wh,
  title = "Mutating for Good: {DNA} Damage Responses During Somatic Hypermutation",
  author = "Pilzecker, Bas and Jacobs, Heinz",
  journal = "Front. Immunol.",
  volume =  10,
  pages =  438,
  month =  mar,
  year =  2019,
  url = "http://dx.doi.org/10.3389/fimmu.2019.00438",
  doi = "10.3389/fimmu.2019.00438",
  pmc = "PMC6423074",
  pmid =  30915081,
  issn = "1664-3224",
  language = "en"
}

@ARTICLE{Murugan2012-ue,
  title = "Statistical inference of the generation probability of {T}-cell receptors from sequence repertoires",
  author = "Murugan, Anand and Mora, Thierry and Walczak, Aleksandra M and Callan, Jr, Curtis G",
  journal = "Proc. Natl. Acad. Sci. U. S. A.",
  volume =  109,
  number =  40,
  pages = "16161--16166",
  month =  oct,
  year =  2012,
  url = "http://dx.doi.org/10.1073/pnas.1212755109",
  doi = "10.1073/pnas.1212755109",
  pmc = "PMC3479580",
  pmid =  22988065,
  issn = "0027-8424"
}

@ARTICLE{Marcou2018-sm,
  title = "High-throughput immune repertoire analysis with {IGoR}",
  author = "Marcou, Quentin and Mora, Thierry and Walczak, Aleksandra M",
  journal = "Nat. Commun.",
  volume =  9,
  number =  1,
  pages =  561,
  month =  feb,
  year =  2018,
  url = "http://dx.doi.org/10.1038/s41467-018-02832-w",
  doi = "10.1038/s41467-018-02832-w",
  pmc = "PMC5805751",
  pmid =  29422654,
  issn = "2041-1723",
  language = "en"
}

@ARTICLE{Rives2021-la,
  title = "Biological structure and function emerge from scaling unsupervised learning to 250 million protein sequences",
  author = "Rives, Alexander and Meier, Joshua and Sercu, Tom and Goyal, Siddharth and Lin, Zeming and Liu, Jason and Guo, Demi and Ott, Myle and Zitnick, C Lawrence and Ma, Jerry and Fergus, Rob",
  journal = "Proc. Natl. Acad. Sci. U. S. A.",
  publisher = "Proceedings of the National Academy of Sciences",
  volume =  118,
  number =  15,
  pages = "e2016239118",
  month =  apr,
  year =  2021,
  url = "https://www.pnas.org/doi/abs/10.1073/pnas.2016239118",
  doi = "10.1073/pnas.2016239118",
  pmc = "PMC8053943",
  pmid =  33876751,
  issn = "0027-8424,1091-6490",
  language = "en"
}

@INPROCEEDINGS{Rao2020-ts,
  title = "Transformer protein language models are unsupervised structure learners",
  author = "Rao, Roshan and Meier, Joshua and Sercu, Tom and Ovchinnikov, Sergey and Rives, Alexander",
  booktitle = "International Conference on Learning Representations",
  month =  oct,
  year =  2020,
  url = "https://openreview.net/pdf?id=fylclEqgvgd"
}

@ARTICLE{Nijkamp2022-fy,
  title = "{ProGen2}: Exploring the boundaries of protein language models",
  author = "Nijkamp, Erik and Ruffolo, Jeffrey and Weinstein, Eli N and Naik, Nikhil and Madani, Ali",
  journal = "arXiv [cs.LG]",
  month =  jun,
  year =  2022,
  url = "http://arxiv.org/abs/2206.13517",
  archivePrefix = "arXiv",
  primaryClass = "cs.LG",
  eprint = "2206.13517"
}

@INCOLLECTION{Vaswani2017-ez,
title = "Attention is All you Need",
booktitle = "Advances in Neural Information Processing Systems 30",
author = "Vaswani, Ashish and Shazeer, Noam and Parmar, Niki and Uszkoreit, Jakob and Jones, Llion and Gomez, Aidan N and Kaiser, {\L} Ukasz and Polosukhin, Illia",
editor = "Guyon, I and Luxburg, U V and Bengio, S and Wallach, H and Fergus, R and Vishwanathan, S and Garnett, R",
publisher = "Curran Associates, Inc.",
pages = "6000--6010",
year =  2017,
url = "http://papers.nips.cc/paper/7181-attention-is-all-you-need.pdf"
}

@ARTICLE{Halpern1998-yc,
title = "Evolutionary distances for protein-coding sequences: modeling site-specific residue frequencies",
author = "Halpern, A L and Bruno, W J",
journal = "Mol. Biol. Evol.",
volume =  15,
number =  7,
pages = "910--917",
month =  jul,
year =  1998,
url = "http://www.ncbi.nlm.nih.gov/pubmed/9656490",
issn = "0737-4038",
pmid = "9656490"
}

@ARTICLE{Olsen2024-ablang2,
  title = "Addressing the antibody germline bias and its effect on language models for improved antibody design",
  author = "Olsen, Tobias H and Moal, Iain H and Deane, Charlotte M",
  journal = "Bioinformatics",
  publisher = "Oxford University Press (OUP)",
  pages = "btae618",
  month =  oct,
  year =  2024,
  url = "https://academic.oup.com/bioinformatics/advance-article/doi/10.1093/bioinformatics/btae618/7845256",
  doi = "10.1093/bioinformatics/btae618",
  pmid =  39460949,
  issn = "1367-4803,1367-4811",
  language = "en"
}

@ARTICLE{Turnbull2024-zp,
  title = "p-{IgGen}: a paired antibody generative language model",
  author = "Turnbull, Oliver M and Oglic, Dino and Croasdale-Wood, Rebecca and Deane, Charlotte M",
  journal = "Bioinformatics",
  publisher = "Oxford University Press (OUP)",
  volume =  40,
  number =  11,
  pages = "btae659",
  month =  nov,
  year =  2024,
  url = "https://academic.oup.com/bioinformatics/article-pdf/40/11/btae659/60752212/btae659.pdf",
  doi = "10.1093/bioinformatics/btae659",
  pmc = "PMC11576349",
  pmid =  39520401,
  issn = "1367-4803,1367-4811",
  language = "en"
}

@ARTICLE{Shanker2024-ys,
  title = "Unsupervised evolution of protein and antibody complexes with a structure-informed language model",
  author = "Shanker, Varun R and Bruun, Theodora U J and Hie, Brian L and Kim, Peter S",
  journal = "Science",
  publisher = "American Association for the Advancement of Science (AAAS)",
  volume =  385,
  number =  6704,
  pages = "46--53",
  month =  jul,
  year =  2024,
  url = "https://www.science.org/doi/10.1126/science.adk8946",
  doi = "10.1126/science.adk8946",
  pmid =  38963838,
  issn = "0036-8075,1095-9203",
  language = "en"
}

@ARTICLE{Wang2024-ph,
  title = "Supervised fine-tuning of pre-trained antibody language models improves antigen specificity prediction",
  author = "Wang, Meng and Patsenker, Jonathan and Li, Henry and Kluger, Yuval and Kleinstein, Steven H",
  journal = "bioRxiv",
  pages = "2024.05.13.593807",
  month =  may,
  year =  2024,
  url = "https://www.biorxiv.org/content/10.1101/2024.05.13.593807v1",
  doi = "10.1101/2024.05.13.593807",
  language = "en"
}

@ARTICLE{Ruffolo2021-ne,
  title = "Deciphering antibody affinity maturation with language models and weakly supervised learning",
  author = "Ruffolo, Jeffrey A and Gray, Jeffrey J and Sulam, Jeremias",
  journal = "arXiv [q-bio.BM]",
  month =  dec,
  year =  2021,
  url = "http://arxiv.org/abs/2112.07782",
  archivePrefix = "arXiv",
  primaryClass = "q-bio.BM",
  eprint = "2112.07782"
}

@ARTICLE{Kenlay2024-hm,
  title = "Large scale paired antibody language models",
  author = "Kenlay, Henry and Dreyer, Frédéric A and Kovaltsuk, Aleksandr and Miketa, Dom and Pires, Douglas and Deane, Charlotte M",
  journal = "arXiv [q-bio.BM]",
  month =  mar,
  year =  2024,
  url = "http://arxiv.org/abs/2403.17889",
  archivePrefix = "arXiv",
  primaryClass = "q-bio.BM",
  eprint = "2403.17889"
}

@ARTICLE{Jing2023-ri,
  title = "Accurate Prediction of Antibody Function and Structure Using Bio-Inspired Antibody Language Model",
  author = "Jing, Hongtai and Gao, Zhengtao and Xu, Sheng and Shen, Tao and Peng, Zhangzhi and He, Shwai and You, Tao and Ye, Shuang and Lin, Wei and Sun, Siqi",
  journal = "arXiv [q-bio.BM]",
  month =  aug,
  year =  2023,
  url = "http://arxiv.org/abs/2308.16713",
  archivePrefix = "arXiv",
  primaryClass = "q-bio.BM",
  eprint = "2308.16713"
}

@ARTICLE{Leem2021-ip,
  title = "Deciphering the language of antibodies using self-supervised learning",
  author = "Leem, Jinwoo and Mitchell, Laura S and Farmery, James H R and Barton, Justin and Galson, Jacob D",
  journal = "bioRxiv",
  pages = "2021.11.10.468064",
  month =  nov,
  year =  2021,
  url = "https://www.biorxiv.org/content/10.1101/2021.11.10.468064v1",
  doi = "10.1101/2021.11.10.468064",
  language = "en"
}

@ARTICLE{Barton2024-qi,
  title = "A generative foundation model for antibody sequence understanding",
  author = "Barton, Justin and Gaspariunas, Aretas and Yadin, David A and Dias, Jorge and Nice, Francesca L and Minns, Danielle H and Snudden, Olivia and Povall, Chelsea and Tomas, Sara Valle and Dobson, Harry and Farmery, James H R and Leem, Jinwoo and Galson, Jacob D",
  journal = "bioRxiv",
  pages = "2024.05.22.594943",
  month =  may,
  year =  2024,
  url = "https://www.biorxiv.org/content/10.1101/2024.05.22.594943v1",
  doi = "10.1101/2024.05.22.594943",
  language = "en"
}

@ARTICLE{Graves2020-wq,
  title = "A Review of Deep Learning Methods for Antibodies",
  author = "Graves, Jordan and Byerly, Jacob and Priego, Eduardo and Makkapati, Naren and Parish, S Vince and Medellin, Brenda and Berrondo, Monica",
  journal = "Antibodies (Basel)",
  volume =  9,
  number =  2,
  month =  apr,
  year =  2020,
  url = "http://dx.doi.org/10.3390/antib9020012",
  doi = "10.3390/antib9020012",
  pmid =  32354020,
  issn = "2073-4468",
  language = "en"
}

@ARTICLE{Ng2024-bn,
  title = "Focused learning by antibody language models using preferential masking of non-templated regions",
  author = "Ng, Karenna and Briney, Bryan",
  journal = "bioRxiv",
  pages = "2024.10.23.619908",
  month =  oct,
  year =  2024,
  url = "https://www.biorxiv.org/content/10.1101/2024.10.23.619908v1.abstract",
  doi = "10.1101/2024.10.23.619908",
  language = "en"
}

@ARTICLE{Ford2023-flairr,
title = "{FLAIRR-seq}: A method for single-molecule resolution of near full-length antibody {H} chain repertoires",
author = "Ford, Easton E and Tieri, David and Rodriguez, Oscar L and Francoeur, Nancy J and Soto, Juan and Kos, Justin T and Peres, Ayelet and Gibson, William S and Silver, Catherine A and Deikus, Gintaras and Hudson, Elizabeth and Woolley, Cassandra R and Beckmann, Noam and Charney, Alexander and Mitchell, Thomas C and Yaari, Gur and Sebra, Robert P and Watson, Corey T and Smith, Melissa L",
journal = "J. Immunol.",
publisher = "American Association of Immunologists",
volume = 210,
number = 10,
pages = "1607--1619",
month = may,
year = 2023,
language = "en",
url = "http://dx.doi.org/10.4049/jimmunol.2200825",
doi = "10.4049/jimmunol.2200825",
pmid = "37027017",
pmc = "PMC10152037"
}

@ARTICLE{Rodriguez2023-race,
title = "Genetic variation in the immunoglobulin heavy chain locus shapes the human antibody repertoire",
author = "Rodriguez, Oscar L and Safonova, Yana and Silver, Catherine A and Shields, Kaitlyn and Gibson, William S and Kos, Justin T and Tieri, David and Ke, Hanzhong and Jackson, Katherine J L and Boyd, Scott D and Smith, Melissa L and Marasco, Wayne A and Watson, Corey T",
journal = "Nature Comm.",
publisher = "Nature Publishing Group UK London",
volume = 14,
number = 1,
pages = "4419",
month = jul,
year = 2023,
language = "en",
url = "http://dx.doi.org/10.1038/s41467-023-40070-x",
doi = "10.1038/s41467-023-40070-x",
pmid = "37479682",
pmc = "PMC10362067"
}

@ARTICLE{Ralph2016-hmm,
title = "Consistency of {VDJ} rearrangement and substitution parameters enables accurate {B} cell receptor sequence annotation",
author = "Ralph, Duncan K and Matsen, IV, Frederick A",
journal = "PLoS Comput. Biol.",
publisher = "Public Library of Science (PLoS)",
volume = 12,
number = 1,
pages = "e1004409",
month = jan,
year = 2016,
language = "en",
url = "http://dx.doi.org/10.1371/journal.pcbi.1004409",
doi = "10.1371/journal.pcbi.1004409",
pmid = "26751373",
pmc = "PMC4709141"
}

@ARTICLE{Ralph2016-partis,
title = "Likelihood-based inference of {B} cell clonal families",
author = "Ralph, Duncan K and Matsen, IV, Frederick A",
journal = "PLoS Comput. Biol.",
publisher = "Public Library of Science (PLoS)",
volume = 12,
number = 10,
pages = "e1005086",
month = oct,
year = 2016,
language = "en",
url = "http://dx.doi.org/10.1371/journal.pcbi.1005086",
doi = "10.1371/journal.pcbi.1005086",
pmid = "27749910",
pmc = "PMC5066976"
}

@ARTICLE{Ralph2019-partis,
title = "Per-sample immunoglobulin germline inference from {B} cell receptor deep sequencing data",
author = "Ralph, Duncan K and Matsen, IV, Frederick A",
journal = "PLoS Comput. Biol.",
publisher = "Public Library of Science (PLoS)",
volume = 15,
number = 7,
pages = "e1007133",
month = jul,
year = 2019,
language = "en",
url = "http://dx.doi.org/0.1371/journal.pcbi.1007133",
doi = "0.1371/journal.pcbi.1007133",
pmid = "31329576",
pmc = "PMC6675132"
}

@ARTICLE{Kovaltsuk2018-oas,
title = "Observed Antibody Space: A resource for data mining next-generation sequencing of antibody repertoires",
author = "Kovaltsuk, Aleksandr and Leem, Jinwoo and Kelm, Sebastian and Snowden, James and Deane, Charlotte M and Krawczyk, Konrad",
journal = "J. Immunol.",
publisher = "The American Association of Immunologists",
volume = 201,
number = 8,
pages = "2502--2509",
month = oct,
year = 2018,
language = "en",
url = "http://dx.doi.org/10.4049/jimmunol.1800708",
doi = "10.4049/jimmunol.1800708",
pmid = "30217829"
}

@ARTICLE{Olsen2022-oas,
title = "Observed Antibody Space: A diverse database of cleaned, annotated, and translated unpaired and paired antibody sequences",
author = "Olsen, Tobias H and Boyles, Fergus and Deane, Charlotte M",
journal = "Protein Sci.",
publisher = "Wiley",
volume = 31,
number = 1,
pages = "141--146",
month = jan,
year = 2022,
language = "en",
url = "http://dx.doi.org/10.1002/pro.4205",
doi = "10.1002/pro.4205",
pmid = "34655133",
pmc = "PMC8740823"
}

@ARTICLE{Olsen2022-oas,
title = "Observed Antibody Space: A diverse database of cleaned, annotated, and translated unpaired and paired antibody sequences",
author = "Olsen, Tobias H and Boyles, Fergus and Deane, Charlotte M",
journal = "Protein Sci.",
publisher = "Wiley",
volume = 31,
number = 1,
pages = "141--146",
month = jan,
year = 2022,
language = "en",
url = "http://dx.doi.org/10.1002/pro.4205",
doi = "10.1002/pro.4205",
pmid = "34655133",
pmc = "PMC8740823"
}

@ARTICLE{Chungyoun2024-fc,
  title = "{FLAb}: Benchmarking deep learning methods for antibody fitness prediction",
  author = "Chungyoun, Michael and Ruffolo, Jeffrey and Gray, Jeffrey",
  journal = "bioRxiv",
  pages = "2024.01.13.575504",
  month =  jan,
  year =  2024,
  url = "https://www.biorxiv.org/content/10.1101/2024.01.13.575504v1.abstract",
  doi = "10.1101/2024.01.13.575504",
  language = "en"
}

@INPROCEEDINGS{Prillo2024-bn,
  title = "Ultrafast classical phylogenetic method beats large protein language models on variant effect prediction",
  author = "Prillo, Sebastian and Wu, Wilson Y and Song, Yun S",
  booktitle = "The Thirty-eighth Annual Conference on Neural Information Processing Systems",
  month =  nov,
  year =  2024,
  url = "https://openreview.net/pdf?id=H7mENkYB2J"
}

@software{pandas-software,
    author       = {The pandas development team},
    title        = {pandas-dev/pandas: Pandas},
    month        = feb,
    year         = 2020,
    publisher    = {Zenodo},
    version      = {latest},
    doi          = {10.5281/zenodo.3509134},
    url          = {https://doi.org/10.5281/zenodo.3509134}
}

@InProceedings{ mckinney-pandas,
  author    = { {W}es {M}c{K}inney },
  title     = { {D}ata {S}tructures for {S}tatistical {C}omputing in {P}ython },
  booktitle = { {P}roceedings of the 9th {P}ython in {S}cience {C}onference },
  pages     = { 56 - 61 },
  year      = { 2010 },
  editor    = { {S}t\'efan van der {W}alt and {J}arrod {M}illman },
  doi       = { 10.25080/Majora-92bf1922-00a }
}
